@article{yugobrief,
    title = {\href{http://elib.mi.sanu.ac.rs/files/journals/yjor/11/yujorn11p5-17.pdf}{Tabu Search: A Brief Survey and Some Real-Life Applications}},
    author={Mirjana M. Čangalović, et al.},
    url={http://elib.mi.sanu.ac.rs/files/journals/yjor/11/yujorn11p5-17.pdf},
    year={1996},
    journal={The Yugoslav Journal of Operations Research}
}

@book{tabusearchbook,
  title = {Tabu Search},
  author = {Fred Glover, Manuel Laguna},
  year = {1997},
  publisher = {Springer Science+Business Media},
}

@article{scatter,
    title = {Fundamentals of Scatter Search and Path Relinking},
    author={F. Glover, M. Laguna, R. Marti},
    year={2000},
    journal={Control and Cybernetics}
}

@article{eureka,
    title = {Future Paths for Integer Programming and Links to Artificial Intelligence},
    author={F. Glover},
    year={1986},
    journal={Computers and Operations Research}
}

@book{tabueth,
    title = {A Grammar of Boumaa Fijian},
    author={Robert M. W. Dixon},
    year={1988},
    publisher={University of Chicago Press}
}

@book{edelkamp,
  title = {Heuristic Search},
  author = {Stefan Edelkamp, Stefan Schrödl},
  year = {2012},
  publisher = {Morgan Kaufmann},
}

@book{vi,
  title = {Veštačka inteligencija},
  author = {Predrag Janičić, Mladen Nikolić},
  year = {2019},
  publisher = {Matematički fakultet},
}

@article{glovertutorial,
    title = {\href{https://www.researchgate.net/publication/242527226_Tabu_Search_A_Tutorial}{Tabu Search: A Tutorial}},
    author={Fred Glover},
    url={https://www.researchgate.net/publication/242527226_Tabu_Search_A_Tutorial},
    year={1990},
    journal={INFORMS Journal on Applied Analytics}
}

@article{shortonly,
    title = {Serial and parallel search techniques for the traveling salesman problem},
    author={M. Malek; M. Huruswamy; H. Owens; M. Pandya},
    year={1989},
    journal={Annals of OR: Linkages with Artificial Intelligence}
}

@article{tutorial,
    author = {Fred Glover},
    year = {1990},
    month = {08},
    pages = {74-94},
    title = {Tabu Search: A Tutorial},
    volume = {20},
    journal = {Interfaces},
    doi = {10.1287/inte.20.4.74}
}

@article{comptabubetter,
    author = {Abhay D Lidbe, Alexander M Hainen, Steven L Jones},
    title ={Comparative study of simulated annealing, tabu search, and the genetic algorithm for calibration of the microsimulation model},
    journal = {SIMULATION},
    volume = {93},
    number = {1},
    pages = {21-33},
    year = {2017},
    doi = {10.1177/0037549716683028}
}

@article{comptabuworse,
    author = {Maninder Singh Kamboj, Jyotsna Sengupta},
    title ={Comparative Analysis of Simulated Annealing
and Tabu Search Channel Allocation Algorithms},
    journal = {International Journal of Computer Theory and Engineering},
    volume = {1},
    number = {5},
    year = {2009}
}

@article{comptabusimilar,
    author = {Connor, A.M, Shea, K.},
    title ={A COMPARISON OF SEMI-DETERMINISTIC AND STOCHASTIC SEARCH TECHNIQUES},
    journal = {Springer},
    year = {2000}
}

@INPROCEEDINGS{comptabubettertimeworseresult,
    author={E. {Osaba}, F. {Díaz}},
    booktitle={2012 Federated Conference on Computer Science and Information Systems (FedCSIS)},
    title={Comparison of a memetic algorithm and a tabu search algorithm for the traveling salesman problem},
    year={2012},
    volume={},
    number={},
    pages={131-136}
}

@article{comptabugoodperformance,
    src	= {repec.org},
    title	= {An empirical comparison of Tabu Search, Simulated Annealing, and Genetic Algorithms for facilities location problems},
    author	= {Arostegui, Marvin Jr. i Kadipasaoglu, Sukran N, i Khumawala, Basheer M.},
    year	= {2006},
    volume	= {103},
    issue	= {2},
    pages	= {742--754},
    journal	= {International Journal of Production Economics}
}

@book{weber,
    title = {Encyclopedia of Mathematics},
    author={Hazewinkel Michiel},
    year={2001},
    publisher={Kluwer Academic Publishers},
    isbn = {978-1-55608-010-4}
}


@incollection{loops,
  author      = {Kengo Katayama, Hiroyuki Narihisa},
  title       = {An Evolutionary Approach for the Maximum Diversity Problem},
  editor      = {William E. Hart, Natalio Krasnogor, James E. Smith},
  booktitle   = {Recent Advances in Memetic Algorithms},
  publisher   = {Springer},
  year        = 2005,
  pages       = {38--39},
}

@misc{coursera,
  author = {Van Hentenryck, Pascal},
  title = {LS 9 - tabu search formalized, aspiration, car sequencing, n-queens},
  note = {\href{https://www.coursera.org/lecture/discrete-optimization/ls-9-tabu-search-formalized-aspiration-car-sequencing-n-queens-CvYhL}{https://www.coursera.org/lecture/discrete-optimization/ls-9-tabu-search-formalized-aspiration-car-sequencing-n-queens-CvYhL}}
}